@article{parsons2008thompsons,
  title		= {Thompsons’ rubbish theory: exploring the practices of value creation},
  author	= {Parsons, Liz},
  journal	= {European Advances in Consumer Research},
  volume	= {8},
  pages		= {390--393},
  year		= {2008}
}
@article{camic2010trashed,
  title		= {From trashed to treasured: A grounded theory analysis of the found object.},
  author	= {Camic, Paul M},
  journal	= {Psychology of Aesthetics, Creativity, and the Arts},
  volume	= {4},
  number	= {2},
  pages		= {81},
  year		= {2010},
  publisher	= {American Psychological Association}
}
@article{engestrom2006values,
  title		= {Values, rubbish, and workplace learning},
  author	= {Engestr{\"o}m, Yrj{\"o}},
  journal	= {Critical perspectives on activity},
  pages		= {193--207},
  year		= {2006}
}
@article{meadow2011relocation,
  title		= {Relocation and revaluation in university collections, or, Rubbish Theory revisited},
  author	= {Meadow, Mark A},
  journal	= {International Committee for University Museums and Collections (UMAC) Proceedings},
  volume	= {3},
  year		= {2011}
}
@article{corbett2013gleaners,
  author	= {Corbett, Kevin},
  journal	= {Journal of Popular Film \& Television},
  number	= {3},
  pages		= {128--135},
  title		= {``GLEANERS'' and ``Waste'': The Post-Issue/Advocacy DOCUMENTARY.},
  volume	= {41},
  year		= {2013},
}
@article{cruickshank2007work,
  title		= {The Work of Art in the Age of Global Consumption: Agn{\`e}s Varda’s Les Glaneurs et la glaneuse},
  author	= {Cruickshank, Ruth},
  journal	= {L’Esprit Createur},
  volume	= {47},
  number	= {3},
  pages		= {119--132},
  year		= {2007},
  publisher	= {The Johns Hopkins University Press}
}
@article{callenbach2002gleaners,
  title		= {The Gleaners and I (Les Glaneurs et la glaneuse)},
  author	= {Callenbach, Ernest},
  journal	= {Film Quarterly},
  volume	= {56},
  number	= {2},
  pages		= {46--49},
  year		= {2002},
  publisher	= {University of California Press},
}
@article{lewitt1967paragraphs,
  title		= {Paragraphs on conceptual art},
  author	= {LeWitt, Sol},
  journal	= {Artforum},
  volume	= {5},
  number	= {10},
  pages		= {79--83},
  year		= {1967}
}
@article{vafin2012zizek,
  title		= {Žižek, ECOLOGY, CONSERVATISM.},
  author	= {Vafin, Arthur},
  journal	= {International Journal of Zizek Studies},
  volume	= {6},
  number	= {1},
  pages		= {1},
  year		= {2012}
}
@article{meyer2007turning,
  author	= {Meyer, Diana Lambdin},
  journal	= {Crafts Report},
  pages		= {16--18},
  title		= {Turning Trash to Treasures: Recycled Art.},
  volume	= {32},
  year		= {2007}
}
@article{derrida1993structure,
  title		= {Structure, sign, and play in the discourse of the human sciences},
  author	= {Derrida, Jacques},
  journal	= {A postmodern reader},
  pages		= {223--242},
  year		= {1993},
  publisher	= {New York: State University of New York Press}
}
@article{zubiaurre2015trash,
  title		= {Trash Moves},
  author	= {Zubiaurre, Maite},
  journal	= {ReVista (Cambridge)},
  volume	= {14},
  number	= {2},
  pages		= {38},
  year		= {2015},
  publisher	= {President and Fellows of Harvard College acting through the David Rockefeller Center for Latin American Studies}
}

@article{fash2015trash,
  title		= {Trash as Treasure},
  author	= {Fash, William L and Andrews, E Wyllys},
  journal	= {ReVista (Cambridge)},
  volume	= {14},
  number	= {2},
  pages		= {8},
  year		= {2015},
  publisher	= {President and Fellows of Harvard College acting through the David Rockefeller Center for Latin American Studies}
}
@article{ibarra2015beautiful,
  title		= {Beautiful Trash},
  author	= {Ibarra, Paola},
  journal	= {ReVista (Cambridge)},
  volume	= {14},
  number	= {2},
  pages		= {40},
  year		= {2015},
  publisher	= {President and Fellows of Harvard College acting through the David Rockefeller Center for Latin American Studies}
}
@article{emgin2012trashion,
  title		= {Trashion: The Return of the Disposed},
  author	= {Emgin, Bahar},
  journal	= {Design Issues},
  volume	= {28},
  number	= {1},
  pages		= {63--71},
  year		= {2012},
  publisher	= {MIT Press}
}
@article{hawkins2001plastic,
  title		= {Plastic bags Living with rubbish},
  author	= {Hawkins, Gay},
  journal	= {International Journal of Cultural Studies},
  volume	= {4},
  number	= {1},
  pages		= {5--23},
  year		= {2001},
  publisher	= {Sage Publications}
}
@article{gregson2007identity,
  title		= {Identity, mobility and the throwaway society.},
  author	= {Gregson, Nicky and Metcalfe, Alan and Crewe, Louise},
  journal	= {Environment and planning D: society and space.},
  volume	= {25},
  number	= {4},
  pages		= {682--700},
  year		= {2007},
  publisher	= {Pion}
}
@article{life1955throwaway,
  title		= {Throwaway Living},
  journal	= {Life Magazine},
  year		= {1955}
}
@article{duchamp1917mutt,
  title		= {The Richard Mutt Case},
  journal	= {Blind Man},
  volume	= {1},
  number	= {2},
  pages		= {5},
  year		= {1917}
}
@article{carroll2011ruin,
  title     = {The Ruin and the Ruined in the Work of Kurt Schwitters},
  author    = {Carroll, Gemma},
  journal   = {Third Text},
  volume    = {25},
  number    = {6},
  pages     = {715--723},
  year      = {2011},
  publisher = {Taylor \& Francis}
}
@article{walker2010dick,
  title     = {Dick {J}ewell’s Found Photos},
  author    = {Walker, Ian},
  journal   = {Image \& Narrative},
  volume    = {11},
  number    = {4},
  pages     = {20--34},
  year      = {2010}
}
@article{chen2015waste,
  title     = {Waste},
  author    = {Chen, Marty},
  journal   = {ReVista (Cambridge)},
  volume    = {14},
  number    = {2},
  pages     = {2},
  year      = {2015},
  publisher = {President and Fellows of Harvard College acting through the David Rockefeller Center for Latin American Studies}
}
@article{kopytoff1986cultural,
  title     = {The cultural biography of things: commoditization as process},
  author    = {Kopytoff, Igor},
  journal   = {The social life of things: Commodities in cultural perspective},
  volume    = {68},
  pages     = {70--73},
  year      = {1986},
  publisher = {Cambridge}
}

@book{carrier2013wild,
  title     = {Wild Art},
  author    = {Carrier, D. and Pissarro, J.},
  year      = {2013},
  publisher = {Phaidon Press}
}
@book{badger2014photobook,
  title     = {The Photobook: A History},
  author    = {Badger, G.},
  volume	= {2},
  year      = {2006},
  publisher = {Phaidon Press}
}
@book{cerny1996recycled,
  author	= {Cerny, Charlene and Seriff, Suzanne},
  publisher	= {Harry N. Abrams},
  title		= {Recycled, re-seen: folk art from the Global Scrap Heap},
  year		= {1996},
}
@book{herman1998trashformations,
  author	= {Herman, Lloyd E.},
  publisher	= {Whatcom Museum of History and Art},
  title		= {Trashformations: recycled materials in contemporary American art and design},
  year		= {1998}
}
@book{rathje1992rubbish,
  author	= {Rathje, William and Murphy, Cullen},
  publisher	= {HarperCollins},
  title		= {Rubbish: the archaeology of garbage},
  year		= {1992}
}
@book{mcdonough2010cradle,
  title		= {Cradle to cradle: Remaking the way we make things},
  author	= {McDonough, William and Braungart, Michael},
  year		= {2010},
  publisher	= {MacMillan}
}
@book{humes2012garbology,
  title		= {Garbology: Our dirty love affair with trash},
  author	= {Humes, Edward},
  year		= {2012},
  publisher	= {Penguin}
}
@book{seitz1961art,
  title		= {The art of assemblage},
  author	= {Seitz, William Chapin and Museum of modern art (New York, NY). and Dallas museum for contemporary arts (Tex.) and San Francisco museum of art},
  volume	= {19},
  number	= {1},
  year		= {1961},
  publisher	= {Museum of Modern Art New York}
}
@book{thompson1979rubbish,
  title		= {Rubbish theory: the creation and destruction of value},
  author	= {Thompson, Michael},
  year		= {1979},
  publisher	= {Oxford University Press}
}
@book{waldman1992collage,
  title		= {Collage, Assemblage, and the Found Object},
  author	= {Waldman, Diane},
  year		= {1992},
  publisher	= {H.N. Abrams}
}
@book{zimring2012encyclopedia,
  title		= {Encyclopedia of Consumption and Waste: The Social Science of Garbage},
  author	= {Zimring, C.A. and Rathje, W.L.},
  year		= {2012},
  publisher	= {SAGE Publications}
}
@book{levi1966savage,
  title		= {The savage mind},
  author	= {Levi-Strauss, Claude},
  year		= {1966},
  publisher	= {University of Chicago Press}
}
@book{mamiya1992pop,
  title     = {Pop art and consumer culture: American super market},
  author    = {Mamiya, C.J.},
  series    = {American studies series},
  year      = {1992},
  publisher = {University of Texas Press}
}
@book{gascoyne1936short,
  title     = {A short survey of surrealism},
  author    = {Gascoyne, David},
  year      = {1936},
  publisher = {London: Cobden Sanderson}
}
@book{appadurai1986social,
  title     = {The social life of things: commodities in cultural perspective},
  author    = {Appadurai, Arjun},
  year      = {1986},
  publisher = {Cambridge University Press}
}
@inbook{greenberg1984collage,
  title		= {Collage},
  author	= {Greenberg, Clement},
  pages		= {70--83},
  publisher = {Boston: Beacon Press},
  series	= {Beacon paperback: 212},
  booktitle	= {Art and culture: critical essays},
  year		= {1984},
}
@inbook{lukas2012culture,
  title		= {Culture, Values, and Garbage},
  author	= {Scott A. Lukas},
  pages		= {164--168},
  volume	= {1},
  editor	= {Zimring, C.A. and Rathje, W.L.},
  booktitle	= {Encyclopedia of Consumption and Waste: The Social Science of Garbage},
  year		= {2012},
  publisher	= {SAGE Publications}
}
@inbook{lukas2012garbage,
  title		= {Garbage in Modern Thought},
  author	= {Scott A. Lukas},
  pages		= {300--302},
  volume	= {1},
  editor	= {Zimring, C.A. and Rathje, W.L.},
  booktitle	= {Encyclopedia of Consumption and Waste: The Social Science of Garbage},
  year		= {2012},
  publisher	= {SAGE Publications}
}
@inbook{tauxe2012encyclopedia,
  title		= {Culture, Values, and Garbage},
  author	= {Caroline Tauxe},
  pages		= {296--299},
  volume	= {1},
  editor	= {Zimring, C.A. and Rathje, W.L.},
  booktitle	= {Encyclopedia of Consumption and Waste: The Social Science of Garbage},
  year		= {2012},
  publisher	= {SAGE Publications}
}
@inbook{trafford2012paper,
  title		= {Paper Products},
  author	= {Aloisia de Trafford},
  pages		= {658--660},
  volume	= {2},
  editor	= {Zimring, C.A. and Rathje, W.L.},
  booktitle	= {Encyclopedia of Consumption and Waste: The Social Science of Garbage},
  year		= {2012},
  publisher = {SAGE Publications}
}
@inbook{bullock2012trash,
  title		= {Trash as History/Memory},
  author	= {Marita Bullock},
  pages		= {934--935},
  volume	= {2},
  editor	= {Zimring, C.A. and Rathje, W.L.},
  booktitle	= {Encyclopedia of Consumption and Waste: The Social Science of Garbage},
  year		= {2012},
  publisher	= {SAGE Publications}
}
@inbook{roy2012garbology,
  title		= {Garbology},
  author	= {Abhijit Roy},
  year		= {2012},
  pages		= {309-310},
  editor	= {Zimring, C.A. and Rathje, W.L.},
  booktitle	= {Encyclopedia of Consumption and Waste: The Social Science of Garbage},
  year		= {2012},
  publisher	= {SAGE Publications}
}

@book{highmore2002everyday,
  title		= {Everyday Life and Cultural Theory: An Introduction},
  author	= {Highmore, B.},
  year		= {2002},
  publisher	= {Taylor \& Francis}
}
@inbook{highmore2002thrashaesthetics,
  title		= {Benjamin’s Trash Aesthetics},
  pages		= {60--75},
  booktitle	= {Everyday Life and Cultural Theory: An Introduction},
  author	= {Highmore, B.},
  year		= {2002},
  publisher	= {Taylor \& Francis}
}

@book{douglas2003purity,
  title={Purity and danger: An analysis of concepts of pollution and taboo},
  author={Douglas, Mary},
  year={2003},
  publisher={Routledge}
}
@book{strasser1999waste,
  author	= {Strasser, Susan},
  publisher = {New York: Metropolitan Books, 1999.},
  title		= {Waste and want: a social history of trash.},
  year		= {1999},
}
@book{pye2010trashculture,
  author	= {Pye, Gillian},
  publisher = {Peter Lang AG},
  series	= {Cultural Interactions: Studies in the Relationship Between the Arts},
  title		= {Trash Culture: Objects and Obsolescence in Cultural Perspective.},
  year		= {2010},
}
@book{hawkins2005ethics,
  title		= {The Ethics of Waste: How We Relate to Rubbish},
  author	= {Hawkins, G.},
  year		= {2005},
  publisher	= {Rowman \& Littlefield Publishers}
}
@book{kennedy2007ontology,
  author	= {Kennedy, Greg},
  publisher	= {State University of New York Press},
  series	= {SUNY Series in Environmental Philosophy and Ethics},
  title		= {An Ontology of Trash: The Disposable and Its Problematic Nature.},
  year		= {2007},
}
@book{banash2013collage,
  title     = {Collage Culture: Readymades, Meaning, and the Age of Consumption.},
  author    = {Banash, D.},
  series    = {Postmodern Studies},
  year      = {2013},
  publisher = {Editions Rodopi}
}
@phdthesis{robson2012using,
  author    = {Robson, Christine},
  title     = {Using Mobile Technology and Social Networking to Crowdsource Citizen Science},
  cchool    = {EECS Department, University of California, Berkeley},
  year      = {2012},
  month     = {Sep},
  url       = {http://www.eecs.berkeley.edu/Pubs/TechRpts/2012/EECS-2012-195.html},
  number    = {UCB/EECS-2012-195},
}
@article{tzara1977seven,
  title     = {Seven Dada Manifestos and Lampisteries, trans},
  author    = {Tzara, Tristan},
  journal   = {Barbara Wright (London: J. Calder, 1992)},
  volume    = {57},
  pages     = {58},
  year      = {1977}
}

@online{paul2013garbage,
  title		= {What do you call garbage?},
  author	= {Paul Richard},
  day		= {29},
  month		= {November},
  year		= {2013},
  url		= {https://enviropaul.wordpress.com/tag/garbage-etymologies-solid-waste/},
  urldate	= {September 13, 2015}
}
@online{chen2009mit,
  title		= {MIT Researchers Track Trash to Encourage Recycling},
  author	= {Brian X. Chen},
  day		= {15},
  month		= {July},
  year		= {2009},
  url		= {http://www.wired.com/2009/07/mit-trash-track/},
  urldate	= {November 12, 2015}
}
@online{erlick2015editorsletter,
  title		= {Editor’s Letter: Beyond Waste},
  author	= {June Carolyn Erlick},
  year		= {2015},
  url		= {http://revista.drclas.harvard.edu/book/editors-letter-beyond-waste/},
  urldate	= {November 16, 2015}
}
@online{navarro2015followingtrash,
  title		= {Following Trash and Recyclables on Their Journey},
  author	= {Mireya Navarro},
  year		= {2009},
  url		= {http://www.nytimes.com/learning/students/pop/20090918snapfriday.html},
  urldate	= {December 28, 2015}
}
@online{tully2014throw,
  title		= {Throw-away Society},
  author	= {Michael Tully and Jacob Levenson},
  year		= {2014},
  url		= {https://nerc.org/news-and-updates/blog/nerc-blog/2014/01/14/throw-away-society},
  urldate	= {December 28, 2015}
}
@online{webster2011kurt,
  title		= {Kurt {S}chwitters},
  author	= {Gwenda Webster},
  year		= {2011},
  url		= {http://www.artchive.com/artchive/S/schwitters.html},
  urldate	= {December 28, 2015}
}
@online{pricano2011trashtalk,
  title		= {A class in the art of trash talk},
  author	= {Mike Fricano},
  year		= {2013},
  url		= {http://newsroom.ucla.edu/stories/studying-trash-as-art-249200},
  urldate	= {December 28, 2015}
}
@online{trashdictionary,
  title     = {In Merriam-Webster.com},
  author    = {trash},
  year		= {2015},
  url       = {http://www.merriam-webster.com/dictionary/trash},
  urldate	= {December 28, 2015}
}
@online{boustead2015impossible,
  title     = {The Age of Impossible Numbers},
  author    = {Greg Boustead},
  year		= {2015},
  url       = {http://seedmagazine.com/slideshow/chris_jordan/},
  urldate	= {December 28, 2015}
}
@online{leech2015cups,
  title     = {Anthropologie 365 – A Year in Cups by Gwyneth Leech},
  author    = {Gwyneth Leech},
  year		= {2015},
  url       = {http://www.londondesignfestival.com/events/365-\%E2\%80\%93-year-cups-gwyneth-leech},
  urldate	= {December 28, 2015}
}
@online{needham2015chinese,
  title     = {Chinese artist brings five decades’ worth of clutter to London exhibition},
  author    = {Alex Needham},
  day		= {14},
  month		= {February},
  year		= {2012},
  url       = {http://www.theguardian.com/artanddesign/2012/feb/14/chinese-artist-clutter-london-exhibition},
  urldate	= {December 20, 2015}
}

@misc{zizek2008,
  author    = {Taylor, Astra {\relax (Director)}},
  year      = {2008},
  title     = {Examined Life},
  producer	= {Ron Mann and Silva Basmajian},
  publisher	= {Zeitgeist Films}
}
@misc{agnes2000,
  author    = {Varda, Agnès {\relax (Director)}},
  year      = {2000},
  title     = {The Gleaners and I}
}
@misc{walker2010,
  author    = {Lucy Walker {\relax (Director)}},
  year      = {2010},
  title     = {Waste Land}
}
@misc{allgood2015,
  author    = {Brad Allgood and Graham Townsley {\relax (Director)}},
  year      = {2015},
  title     = {Landfill Harmonic}
}