@article{parsons2008thompsons,
  title={Thompsonsâ€™ rubbish theory: exploring the practices of value creation},
  author={Parsons, Liz},
  journal={European Advances in Consumer Research},
  volume={8},
  pages={390--393},
  year={2008}
}
@article{camic2010trashed,
  title={From trashed to treasured: A grounded theory analysis of the found object.},
  author={Camic, Paul M},
  journal={Psychology of Aesthetics, Creativity, and the Arts},
  volume={4},
  number={2},
  pages={81},
  year={2010},
  publisher={American Psychological Association}
}
@article{engestrom2006values,
  title={Values, rubbish, and workplace learning},
  author={Engestr{\"o}m, Yrj{\"o}},
  journal={Critical perspectives on activity},
  pages={193--207},
  year={2006}
}
@article{meadow2011relocation,
  title={Relocation and revaluation in university collections, or, Rubbish Theory revisited},
  author={Meadow, Mark A},
  journal={International Committee for University Museums and Collections (UMAC) Proceedings},
  volume={3},
  year={2011}
}

@book{humes2012garbology,
  title={Garbology: Our dirty love affair with trash},
  author={Humes, Edward},
  year={2012},
  publisher={Penguin}
}
@book{thompson1979rubbish,
  title={Rubbish theory: the creation and destruction of value},
  author={Thompson, Michael},
  year={1979},
  publisher={Oxford University Press}
}

@online{paul2013garbage,
	title = {What do you call garbage?},
    author = {Paul Richard},
    day = {29},
    month = {November},
    year = {2013},
	url = {https://enviropaul.wordpress.com/tag/garbage-etymologies-solid-waste/},
 	urldate = {September 13, 2015}
}
